%% This is a collection of stubs of the most frequently used bibtex entries
%% with the required fields. Please refer to BibTeX/BibLaTeX docs for
%% additional details.
%% http://biblatex-biber.sourceforge.net/


   
@misc{Guswen_2024,
    title     = {Volume of an N-ball},
    url       = {https://en.wikipedia.org/wiki/Volume_of_an_n-ball#Direct_integration_in_spherical_coordinates},
    journal   = {Wikipedia},
    publisher = {Wikimedia Foundation},
    author    = {Guswen},
    year      = {2024},
    month     = oct
}

@misc{Orloff_2023,
    title     = {14.2: Definition and properties of the gamma function},
    url       = {https://math.libretexts.org/Bookshelves/Analysis/Complex_Variables_with_Applications_(Orloff)/14%3A_Analytic_Continuation_and_the_Gamma_Function/14.02%3A_Definition_and_properties_of_the_Gamma_function},
    journal   = {Mathematics LibreTexts},
    publisher = {Libretexts},
    author    = {Orloff, Jeremy},
    year      = {2023},
    month     = may
}

@misc{Physics_and_Math_Lectures_2020,
    title     = {Intro to the Beta Function},
    url       = {https://www.youtube.com/watch?v=E9sc1FnJF9k},
    journal   = {YouTube},
    publisher = {YouTube},
    author    = {{Physics and Math Lectures}},
    year      = {2020},
    month     = sep
}

@misc{Siegrist_2022,
    title     = {5.17: The beta distribution},
    url       = {https://stats.libretexts.org/Bookshelves/Probability_Theory/Probability_Mathematical_Statistics_and_Stochastic_Processes_(Siegrist)/05%3A_Special_Distributions/5.17%3A_The_Beta_Distribution},
    journal   = {Statistics LibreTexts},
    publisher = {Libretexts},
    author    = {Siegrist, Kyle},
    year      = {2022},
    month     = apr
}

@misc{Wikipedia_2024,
    title     = {N-sphere},
    url       = {https://en.wikipedia.org/wiki/N-sphere},
    journal   = {Wikipedia},
    publisher = {Wikimedia Foundation},
    year      = {2024},
    month     = dec
}